@misc{ahmareen2024,
  author       = {Ahmareen, S. and Potluri, S. and Khalid, A.},
  title        = {Sustainable Agriculture Through {IoT}-Enabled Vertical Farming},
  year         = {2024},
  url          = {https://ieeexplore.ieee.org/document/10601426}
}

@article{alves2021,
  author       = {Alves, Deise de Oliveira and others},
  title        = {Análise de cenários no contexto das tecnologias utilizadas nas fazendas verticais},
  journal      = {Revista da Universidade Vale do Rio Verde},
  year         = {2021},
  volume       = {20},
  number       = {2},
  doi          = {http://dx.doi.org/10.5892/ruvrd.v20i2.6311}
}

@misc{baronte2022,
  author       = {Baronte, B. F.},
  title        = {Redes Neurais Aplicadas à Predição de Valores de Ações},
  year         = {2022},
  howpublished = {Repositório UNIRIO},
  url          = {https://bsi.uniriotec.br/wp-content/uploads/sites/31/2022/04/202201_Breno-Phillip-Mendes-Baronte.pdf}
}

@misc{agenciabrasil2025,
  author       = {Agência Brasil},
  title        = {Brasil tem 15 cidades com mais de 1 milhão de habitantes},
  year         = {2025},
  url          = {https://agenciabrasil.ebc.com.br/economia/noticia/2025-08/brasil-tem-15-cidades-com-mais-de-1-milhao-de-habitantes},
  note         = {Acesso em: 4 set. 2025}
}

@inproceedings{carnaz2016,
  author       = {Carnaz, G. J. F. and Nogueira, V.},
  title        = {An Overview of {IoT} and Healthcare},
  booktitle    = {ACTAS das 6as Jornadas de Informática de Universidade de Évora},
  year         = {2016},
  url          = {http://hdl.handle.net/10174/19998}
}

@misc{costa2025,
  author       = {Costa, A. G.},
  title        = {Fazenda vertical: conheça ideia inteligente - mas cara - para nossa agricultura},
  year         = {2025},
  url          = {https://www.terra.com.br/byte/fazenda-vertical-conheca-ideia-inteligente-mas-cara-para-nossa-agricultura,8267ddb7c47bb3cae47443acebc3f9a4b9jno3x9.html},
  note         = {Acesso em: 13 abr. 2025}
}

@article{gundim2022,
  author       = {Gundim, L. L. S. and Lima, R. P.},
  title        = {Edifícios agroprodutivos: a fazenda vertical como modelo sustentável de agricultura urbana},
  journal      = {Repositorio UFSC},
  year         = {2022},
  volume       = {5},
  pages        = {474--485},
  url          = {https://repositorio.ufsc.br/bitstream/handle/123456789/245051/Vol.%205%20474%20-%20485.pdf},
  note         = {Acesso em: 22 out. 2024}
}

@book{haykin2001,
  author       = {Haykin, S.},
  title        = {Redes neurais - Princípio e prática},
  edition      = {2},
  year         = {2001},
  publisher    = {Bookman}
}

@book{ingram2023,
  author       = {Ingram, Jay},
  title        = {The Future of Us: The Science of What We'll Eat, Where We'll Live, and Who We'll Be},
  year         = {2023},
  publisher    = {Simon \& Schuster},
  address      = {Nova Iorque}
}

@inproceedings{lisbinski2020,
  author       = {Lisbinski, Fernanda Cigainski and others},
  title        = {Perspectivas e desafios da Agricultura 4.0 para o setor agrícola},
  booktitle    = {VIII Simpósio de Ciência do Agronegócio – Inovação e Empreendedorismo no Agronegócio},
  year         = {2020},
  address      = {Porto Alegre, RS},
  url          = {https://lume.ufrgs.br/bitstream/handle/10183/218601/001122708.pdf},
  note         = {Acesso em: 9 set. 2025}
}

@article{lucena2021,
  author       = {Lucena, L. P. and Massuia, F. M.},
  title        = {O papel da moderna agricultura urbana de Singapura na política de segurança alimentar e na contribuição da redução de emissão de {CO2} na atmosfera},
  journal      = {urbe. Revista Brasileira de Gestão Urbana},
  year         = {2021},
  volume       = {13},
  pages        = {e20190272},
  doi          = {10.1590/2175-3369.013.e20190272}
}

@article{luz2006,
  author       = {Luz, J. M. Q. and Guimarães, S. T. M. R. and Korndöfer, G. H.},
  title        = {Produção hidropônica de alface em solução nutritiva com e sem silício},
  journal      = {Horticultura Brasileira},
  year         = {2006},
  volume       = {24},
  number       = {3},
  url          = {https://www.scielo.br/j/hb/a/99RFWNLdK6G8HNLtFBpDzrL/}
}

@article{paixao2022,
  author       = {Paixão, G. M. de M. and others},
  title        = {Machine Learning na Medicina: Revisão e Aplicabilidade},
  journal      = {Arquivos Brasileiros de Cardiologia},
  year         = {2022},
  volume       = {118},
  number       = {1},
  pages        = {95--102}
}

@misc{radioagencia2024,
  author       = {Radioagencia},
  title        = {Insegurança alimentar atinge cerca de 50\% da população da cidade de SP},
  year         = {2024},
  url          = {https://agenciabrasil.ebc.com.br/radioagencia-nacional/geral/audio/2024-09/inseguranca-alimentar-atinge-cerca-de-50-da-populacao-da-cidade-de-sp},
  note         = {Acesso em: 4 set. 2025}
}

@article{rakhmatulin2021,
  author       = {Rakhmatulin, Ildar},
  title        = {Neural network for automatic farm control},
  journal      = {Journal of Experimental \& Theoretical Artificial Intelligence},
  year         = {2021},
  volume       = {33},
  number       = {1},
  pages        = {147--160},
  doi          = {10.1080/0952813X.2020.1725653}
}

@inproceedings{ryu2015,
  author       = {Ryu, Minwoo and others},
  title        = {Design and implementation of a connected farm for smart farming system},
  booktitle    = {IEEE SENSORS},
  year         = {2015},
  address      = {Busan, Coreia do Sul},
  doi          = {10.1109/ICSENS.2015.7370624},
  url          = {https://ieeexplore.ieee.org/abstract/document/7370624},
  note         = {Acesso em: 9 set. 2025}
}

@misc{sampa2025,
  author       = {Sampa+Rural},
  title        = {Agricultura},
  year         = {2025},
  url          = {https://sampamaisrural.prefeitura.sp.gov.br/categoria/agricultores},
  note         = {Acesso em: 9 set. 2025}
}

@article{saraswathy2020,
  author       = {Saraswathy, V. R. and others},
  title        = {Integrating Intelligence in Hydroponic Farms},
  journal      = {International Journal of Engineering and Emerging Technology},
  year         = {2020},
  volume       = {11},
  number       = {4},
  pages        = {150--158},
  url          = {https://iaeme.com/Home/issue/IJEET?Volume=11&Issue=4}
}

@misc{sousa2023,
  author       = {Sousa, Thiago Pereira de},
  title        = {Desenvolvimento de módulos de sensoriamento para a supervisão e controle de fazendas verticais},
  year         = {2023},
  howpublished = {Universidade Federal de Uberlândia},
  url          = {https://repositorio.ufu.br/bitstream/123456789/38575/1/DesenvolvimentoM%C3%B3dulosSensoriamento.pdf},
  note         = {Acesso em: 9 set. 2025}
}

@misc{nacoesunidas2024,
  author       = {Nações Unidas},
  title        = {Sobre o nosso trabalho para alcançar os Objetivos de Desenvolvimento Sustentável no Brasil},
  year         = {2024},
  url          = {https://brasil.un.org/pt-br/sdgs},
  note         = {Acesso em: 22 out. 2024}
}